@article{nvd_nist,
  title={National Vulnerability Database},
  author={{National Institute of Standards and Technology}},
  journal={NIST Information Technology Laboratory},
  year={2023},
  url={https://nvd.nist.gov/}
}

@article{cisa_kev,
  title={Known Exploited Vulnerabilities Catalog},
  author={{Cybersecurity and Infrastructure Security Agency}},
  journal={CISA},
  year={2023},
  url={https://www.cisa.gov/known-exploited-vulnerabilities-catalog}
}

@article{epss_first,
  title={Exploit Prediction Scoring System (EPSS)},
  author={{Forum of Incident Response and Security Teams}},
  journal={FIRST.org},
  year={2023},
  url={https://www.first.org/epss/}
}

@article{exploit_db,
  title={Exploit Database},
  author={{Offensive Security}},
  journal={Exploit-DB},
  year={2023},
  url={https://www.exploit-db.com/}
}

@inproceedings{jacobs2019exploit,
  title={Exploit prediction scoring system (EPSS)},
  author={Jacobs, Jay and Romanosky, Sasha and Adjerid, Idris and Baker, Wade},
  booktitle={2019 APWG Symposium on Electronic Crime Research (eCrime)},
  pages={1--12},
  year={2019},
  organization={IEEE}
}

@article{breiman2001random,
  title={Random forests},
  author={Breiman, Leo},
  journal={Machine learning},
  volume={45},
  number={1},
  pages={5--32},
  year={2001},
  publisher={Springer}
}

@article{mell2006common,
  title={Common vulnerability scoring system},
  author={Mell, Peter and Scarfone, Karen and Romanosky, Sasha},
  journal={IEEE Security \& Privacy},
  volume={4},
  number={6},
  pages={85--89},
  year={2006},
  publisher={IEEE}
}

@article{cvss_framework,
  title={Common Vulnerability Scoring System v3.1: Specification Document},
  author={{FIRST.org}},
  journal={Forum of Incident Response and Security Teams},
  year={2019},
  url={https://www.first.org/cvss/v3.1/specification-document}
}

@article{mitre_cve,
  title={Common Vulnerabilities and Exposures (CVE)},
  author={{MITRE Corporation}},
  journal={MITRE},
  year={2023},
  url={https://cve.mitre.org/}
}

@article{covid_cybersecurity,
  title={COVID-19's Impact on Cybersecurity},
  author={Pranggono, Bernardi and Arabo, Abdullahi},
  journal={Information Technology-New Generations},
  pages={349--351},
  year={2021},
  publisher={Springer}
}

@book{seiersen2017practical,
  title={How to measure anything in cybersecurity risk},
  author={Hubbard, Douglas W and Seiersen, Richard},
  year={2016},
  publisher={Wiley}
}

@inproceedings{allodi2012preliminary,
  title={A preliminary analysis of vulnerability scores for attacks in wild: The EKITS and SYM datasets},
  author={Allodi, Luca and Massacci, Fabio},
  booktitle={Proceedings of the 2012 ACM Workshop on Building analysis datasets and gathering experience returns for security},
  pages={17--24},
  year={2012}
}

@article{spring2021time,
  title={Time to exploit a vulnerability in the wild: Modeling with imperfect data},
  author={Spring, Jonathan M and Falcarin, Paolo and Garrido, Angel and Serna, Javier},
  journal={Computing},
  volume={103},
  pages={649--662},
  year={2021},
  publisher={Springer}
}